@inproceedings{quigley2009ros,
  title="{ROS: an open-source Robot Operating System}",
  author="Quigley, Morgan and Conley, Ken and Gerkey, Brian and Faust, Josh and Foote, Tully and Leibs, Jeremy and Wheeler, Rob and Ng, Andrew Y",
  booktitle="Proc. of IEEE International Conference on Robotics and Automation Workshop on Open Source Software",
  volume="3",
  number="3.2",
  pages="5",
  year="2009"
}
@misc{rosorg,
  title="{ROS.org}",
  howpublished="http://www.ros.org/"
}
@misc{pcl,
  title="{Point Cloud Library (PCL)}",
  howpublished="http://pointclouds.org/"
}
@misc{opencv,
  title="{OpenCV}",
  howpublished="http://opencv.org/"
}
@article{cousins2011exponential,
  title="{Exponential growth of ROS [ROS Topics]}",
  author="Cousins, Steve",
  journal="IEEE Robotics \& Automation Magazine",
  volume="1",
  number="18",
  pages="19--20",
  year="2011"
}
@article{cousins2010sharing,
  title="{Sharing software with ROS [ROS topics]}",
  author="Cousins, Steve and Gerkey, Brian and Conley, Ken and Garage, Willow",
  journal="IEEE Robotics \& Automation Magazine",
  volume="17",
  number="2",
  pages="12--14",
  year="2010"
}
@inproceedings{pardo2003omg,
  title="{OMG Data-Distribution Service: Architectural Overview}",
  author="Pardo-Castellote, Gerardo",
  booktitle="Proc. of IEEE International Conference on Distributed Computing Systems Workshops",
  pages="200--206",
  year="2003",
}
@inproceedings{schlesselman2004omg,
  title="{OMG data-distribution service (DDS): Aarchitectural Update}",
  author="Schlesselman, Joseph M and Pardo-Castellote, Gerardo and Farabaugh, Bert",
  booktitle="Proc. of IEEE Military Communications Conference",
  volume="2",
  pages="961--967",
  year="2004"
}
@misc{dds1.4,
  title="{Data Distribution Services (DDS) v1.4}",
  author="{Object Management Group (OMG)}",
  howpublished="http://www.omg.org/spec/DDS/1.4/",
  year="2015"
}
@misc{rtps2.2,
  title="{the Real-time Publish-Subscribe Protocol (RTPS) DDS Interoperability Wire Protocol v2.2}",
  author="{Object Management Group (OMG)}",
  howpublished="http://www.omg.org/spec/DDSI-RTPS/2.2/",
  year="2014"
}
@misc{uros,
  title="{\(\mu\)ROS}",
  howpublished="https://github.com/openrobots-dev/uROSnode"
}
@misc{rosindustrial,
  title="{ROS Industrial}",
  howpublished="http://rosindustrial.org/"
}
@conference{uros@roscon2013,
  title="{\(\mu\)ROSnode: running ROS on microcontrollers}",
  author="Martino Migliavacca and Andrea Zoppi",
  booktitle="ROS Developers Conference",
  year="2013"
}
@conference{rosc@roscon2013,
  title="{Introducing rosc}",
  author="Nikolai Ensslen",
  booktitle="ROS Developers Conference",
  year="2013"
}
@article{wei2015rt,
  title="{RT-ROS: A real-time ROS architecture on multi-core processors}",
  author="Wei, Hongxing and Shao, Zhenzhou and Huang, Zhen and Chen, Renhai and Guan, Yong and Tan, Jindong and Shao, Zili",
  journal="Future Generation Computer Systems",
  volume = "56",
  pages="171--178",
  year="2015"
}
@article{xiong2010evaluating,
  title="{Evaluating the performance of publish/subscribe platforms for information management in distributed real-time and embedded systems}",
  author="Xiong, Ming and Parsons, Jeff and Edmondson, James and Nguyen, Hieu and Schmidt, Douglas C",
  journal="omgwiki. org/dds",
  year="2009"
}
@inproceedings{sierla2003evaluation,
  title="{Evaluation of a real-time distribution service}",
  author="Sierla, Seppo and Peltola, Jukka and Koskinen, Kari",
  booktitle="Proc. of the 3rd International Symposium on Open Control System",
  year="2003"
} 
@article{urmson2008autonomous,
  title="{Autonomous driving in urban environments: Boss and the Urban Challenge}",
  author="Urmson, Chris and Anhalt, Joshua and Bagnell, Drew and Baker, Christopher and Bittner, Robert and Clark, MN and Dolan, John and Duggins, Dave and Galatali, Tugrul and Geyer, Chris and others",
  journal="Journal of Field Robotics",
  volume="25",
  number="8",
  pages="425--466",
  year="2008"
}
@article{garg2009real,
  title="{Real-time Linux kernel scheduler}",
  author="Garg, Ankita",
  journal="Linux Journal",
  volume="2009",
  number="184",
  pages="2",
  year="2009"
}
@inproceedings{chishiro2009extended,
  title="{Extended RT-component framework for RT-middleware}",
  memo="Chishiro, Hiroyuki and Fujita, Yuji and Takeda, Akira and Kojima, Yuta and Funaoka, Kenji and Kato, Shinpei and Yamasaki, Nobuyuki",
  author="blinded",
booktitle="Proc. of IEEE International Symposium on Object/Component/Service-Oriented Real-Time Distributed Computing",
  pages="161--168",
  year={2009}
}
@article{ikezoeopenrt,
  title="{OpenRT Platform/RT-Middleware for VxWorks}",
  author="Ikezoe, Akihiro and Nakamoto, Hiroyuki and Nagase, Masayuki",
  journal="ROBOMECH2010",
  pages="2A1-F19",
  year="2010"
}
@misc{ros2_iccps2016,
  title="{ROS2}",
  author="{Open Source Robotics Foundation (OSRF)}",
  howpublished={https://github.com/ros2}
}
@misc{rti_connext,
  title="{RTI Connext DDS Professional}",
  author="{Real-Time Innovations}",
  howpublished="http://www.rti.com/products/dds/index.html"
}
@misc{ospl_dds_community,
  title="{OpenSplice DDS Community Edition}",
  author="{PRISMTECH}",
  howpublished="http://www.prismtech.com/dds-community"
}
@misc{ospl_vortex,
  title="{Vortex OpenSplice}",
  author="{PRISMTECH}",
  howpublished="http://www.prismtech.com/vortex/vortex-opensplice"
}
@misc{fastrtps,
  title="{FastRTPS}",
  author="{eProsima}",
  howpublished="http://www.eprosima.com/index.php/products-all/eprosima-fast-rtps"
}
@conference{rtmtecs2015,
  title="{Brushless Motor Control using RTM and TECS}",
  memo="Hasegawa, Ryo and Oyama, Hiroshi and Azumi, Takuya",
  author="blinded",
booktitle="WiP session of the IEEE International Conference on Embedded and Real-Time Computing Systems and Applications",
  year="2015"
}
@article{kato2015open,
  title="{An Open Approach to Autonomous Vehicles}",
  memo="Kato, Shinpei and Takeuchi, Eijiro and Ishiguro, Yoshio and Ninomiya, Yoshiki and Takeda, Kazuya and Hamada, Tsuyoshi",
  author="blinded",
journal="IEEE Micro",
  volume="35",
  number="6",
  pages="60--68",
  year="2015"
}
@inproceedings{azumi2015mruby,
  title="{mruby on TECS: Component-Based Framework for Running Script Program}",
  memo="Azumi, Takuya and Nagahara, Yuki and Oyama, Hiroshi and Nishio, Nobuhiko",
  author="blinded",
booktitle="Proc. of IEEE International Symposium on Real-Time Distributed Computing",
  pages="252--259",
  year="2015"
}
@inproceedings{ando2005rt,
  title="{RT-middleware: distributed component middleware for RT (robot technology)}",
  author="Ando, Noriaki and Suehiro, Takashi and Kitagaki, Kosei and Kotoku, Tetsuo and Yoon, Woo-Keun",
  booktitle="Proc. of IEEE/RSJ International Conference on Intelligent Robots and Systems",
  pages="3933--3938",
  year="2005"
}
@conference{saito2014fusion,
  title="{Sensors Fusion of a Camera and a LRF on GPU for Obstacle Detection}",
  memo="Saito, Yukihiro and Azumi, Takuya and Nishio, Nobuhiko and Kato, Shinpei",
  author="blinded",
booktitle="WiP session of the IEEE International Conference on Cyber-Physical Systems, Networks, and Applications",
  year="2014"
}
@article{schmidt1998design,
  title="{The design of the TAO real-time object request broker}",
  author="Schmidt, Douglas C and Levine, David L and Mungee, Sumedh",
  journal={Computer Communications},
  volume={21},
  number={4},
  pages={294--324},
  year={1998},
}
@article{vinoski1997corba,
  title="{CORBA: integrating diverse applications within distributed heterogeneous environments}",
  author="Vinoski, Steve",
  journal={IEEE Communications Magazine},
  volume={35},
  number={2},
  pages={46--55},
  year={1997},
}
@conference{ros2@roscon2015,
  title="{State of ROS2: Demos and the technology behind}",
  author="Thomas, Dirk and Fernandez, Esteve and Woodall, William",
  booktitle="ROS Developers Conference",
  year="2015"
}
@misc{willowgarage,
  title="{Willow Garage}",
  howpublished="https://www.willowgarage.com/"
}
@misc{osrf,
  title="{Open Source Robotics Foundation (OSRF)}",
  howpublished="http://www.osrfoundation.org/"
}
@misc{corba3.3,
  title="{Common Object Request Broker Architecture (CORBA) 3.3}",
  author="{Object Management Group (OMG)}",
  howpublished="http://www.omg.org/spec/CORBA/3.3/",
  year="2012"
}
@misc{omg,
  title="{Object Management Group (OMG)}",
  howpublished="http://www.omg.org/"
}
@inproceedings{rtmtecs2016,
  title="{RTM-TECS: Collabolation Framework for Robot Technology Middleware and Embedded Component System}",
  memo="Hasegawa, Ryo and Oyama, Hiroshi and Azumi, Takuya",
  author="blinded",
booktitle="Proc. of IEEE International Symposium on Real-Time Computing",
  year="2016"
}
@misc{m_yuya_ros1,
  title="{Source code using ROS1 evaluations}",
  howpublished="https://github.com/m-yuya/ros1\_evaluation"
}
@misc{m_yuya_ros2,
  title="{Source code using ROS2 evaluations}",
  howpublished="https://github.com/m-yuya/ros2\_evaluation"
}

